uuid,Country,Item Type,Sales Channel,Order Priority,Order Date,Region,Ship Date,Units Sold,Unit Price,Unit Cost,Total Revenue,Total Cost,Total Profit
535113847,Azerbaijan,Snacks,Online,C,10/8/14,Middle East and North Africa,10/23/14,934,152.58,97.44,142509.72,91008.96,51500.76
874708545,Panama,Cosmetics,Offline,L,2/22/15,Central America and the Caribbean,2/27/15,4551,437.2,263.33,1989697.2,1198414.83,791282.37
854349935,Sao Tome and Principe,Fruits,Offline,M,12/9/15,Sub-Saharan Africa,1/18/16,9986,9.33,6.92,93169.38,69103.12,24066.26
892836844,Sao Tome and Principe,Personal Care,Online,M,9/17/14,Sub-Saharan Africa,10/12/14,9118,81.73,56.67,745214.14,516717.06,228497.08
129280602,Belize,Household,Offline,H,2/4/10,Central America and the Caribbean,3/5/10,5858,668.27,502.54,3914725.66,2943879.32,970846.34
473105037,Denmark,Clothes,Online,C,2/20/13,Europe,2/28/13,1149,109.28,35.84,125562.72,41180.16,84382.56
754046475,Germany,Cosmetics,Offline,M,3/31/13,Europe,5/3/13,7964,437.2,263.33,3481860.8,2097160.12,1384700.68
772153747,Turkey,Fruits,Online,C,3/26/12,Middle East and North Africa,4/7/12,6307,9.33,6.92,58844.31,43644.44,15199.87
847788178,United Kingdom,Snacks,Online,H,12/29/12,Europe,1/15/13,8217,152.58,97.44,1253749.86,800664.48,453085.38
471623599,Kazakhstan,Cosmetics,Online,H,9/11/15,Asia,9/18/15,2758,437.2,263.33,1205797.6,726264.14,479533.46
554646337,Haiti,Cosmetics,Online,C,12/27/13,Central America and the Caribbean,1/1/14,1031,437.2,263.33,450753.2,271493.23,179259.97
278155219,Italy,Clothes,Online,M,12/17/13,Europe,1/10/14,1165,109.28,35.84,127311.2,41753.6,85557.6
243761575,Malta,Household,Offline,L,3/10/15,Europe,4/17/15,3322,668.27,502.54,2219992.94,1669437.88,550555.06
223389232,Jordan,Household,Offline,L,7/9/14,Middle East and North Africa,7/18/14,4693,668.27,502.54,3136191.11,2358420.22,777770.89
509274518,Cambodia,Vegetables,Offline,H,6/14/17,Asia,6/29/17,4502,154.06,90.93,693578.12,409366.86,284211.26
563966262,Saint Kitts and Nevis ,Office Supplies,Online,H,8/10/11,Central America and the Caribbean,8/29/11,9004,651.21,524.96,5863494.84,4726739.84,1136755
370325791,Cameroon,Fruits,Online,H,12/18/15,Sub-Saharan Africa,2/6/16,6486,9.33,6.92,60514.38,44883.12,15631.26
881526935,Bahrain,Vegetables,Offline,L,6/26/16,Middle East and North Africa,7/19/16,2264,154.06,90.93,348791.84,205865.52,142926.32
871056020,Solomon Islands,Beverages,Offline,C,5/11/15,Australia and Oceania,5/30/15,3688,47.45,31.79,174995.6,117241.52,57754.08
982711875,Monaco,Office Supplies,Online,M,1/13/12,Europe,1/17/12,5137,651.21,524.96,3345265.77,2696719.52,648546.25
580605828,Comoros,Beverages,Offline,L,8/10/14,Sub-Saharan Africa,8/20/14,3022,47.45,31.79,143393.9,96069.38,47324.52
899161708,Iceland,Meat,Online,L,4/22/13,Europe,4/28/13,786,421.89,364.69,331605.54,286646.34,44959.2
993115842,Zambia,Cosmetics,Offline,M,7/26/14,Sub-Saharan Africa,8/20/14,3902,437.2,263.33,1705954.4,1027513.66,678440.74
887517058,Egypt,Cereal,Online,C,7/14/14,Middle East and North Africa,8/20/14,4875,205.7,117.11,1002787.5,570911.25,431876.25
227726686,Togo,Clothes,Offline,L,6/1/10,Sub-Saharan Africa,6/28/10,8242,109.28,35.84,900685.76,295393.28,605292.48
529418551,Saudi Arabia,Vegetables,Online,H,11/4/11,Middle East and North Africa,11/20/11,5569,154.06,90.93,857960.14,506389.17,351570.97
228578984,Morocco,Vegetables,Offline,L,5/15/14,Middle East and North Africa,6/26/14,456,154.06,90.93,70251.36,41464.08,28787.28
531506812,Tunisia ,Office Supplies,Offline,L,10/28/10,Middle East and North Africa,11/23/10,3532,651.21,524.96,2300073.72,1854158.72,445915
464813363,Angola,Cosmetics,Offline,L,4/1/10,Sub-Saharan Africa,4/8/10,7458,437.2,263.33,3260637.6,1963915.14,1296722.46
925422465,Vietnam,Cereal,Offline,H,5/22/11,Asia,6/2/11,1927,205.7,117.11,396383.9,225670.97,170712.93
630570447,Belarus,Meat,Online,L,1/20/14,Europe,2/15/14,8663,421.89,364.69,3654833.07,3159309.47,495523.6
167806136,Myanmar,Snacks,Offline,C,5/5/15,Asia,6/3/15,6420,152.58,97.44,979563.6,625564.8,353998.8
644990861,Lithuania,Fruits,Offline,H,5/25/13,Europe,6/4/13,5984,9.33,6.92,55830.72,41409.28,14421.44
540298449,Switzerland,Baby Food,Offline,M,3/26/11,Europe,5/15/11,5173,255.28,159.42,1320563.44,824679.66,495883.78
652215230,Antigua and Barbuda ,Baby Food,Offline,M,11/30/12,Central America and the Caribbean,1/6/13,3835,255.28,159.42,978998.8,611375.7,367623.1
949540030,Mongolia,Meat,Offline,M,3/23/12,Asia,3/26/12,8851,421.89,364.69,3734148.39,3227871.19,506277.2
121384179,Greenland,Fruits,Online,L,7/30/11,North America,9/12/11,9131,9.33,6.92,85192.23,63186.52,22005.71
527171504,Eritrea,Cosmetics,Offline,H,8/30/10,Sub-Saharan Africa,10/7/10,618,437.2,263.33,270189.6,162737.94,107451.66
546638333,Lithuania,Baby Food,Online,C,3/28/10,Europe,4/28/10,1285,255.28,159.42,328034.8,204854.7,123180.1
429833495,Saint Vincent and the Grenadines,Personal Care,Offline,L,12/1/15,Central America and the Caribbean,12/8/15,6138,81.73,56.67,501658.74,347840.46,153818.28
947118318,Portugal,Vegetables,Offline,L,8/26/11,Europe,9/8/11,2212,154.06,90.93,340780.72,201137.16,139643.56
239166629,Somalia,Beverages,Offline,M,7/17/16,Middle East and North Africa,8/20/16,3575,47.45,31.79,169633.75,113649.25,55984.5
566964757,Turkey,Clothes,Online,M,11/20/12,Middle East and North Africa,12/7/12,6326,109.28,35.84,691305.28,226723.84,464581.44
661811530,Israel,Vegetables,Offline,H,7/23/10,Middle East and North Africa,9/10/10,3594,154.06,90.93,553691.64,326802.42,226889.22
675318276,Dominica,Clothes,Online,H,11/29/12,Central America and the Caribbean,12/28/12,540,109.28,35.84,59011.2,19353.6,39657.6
829408824,Luxembourg,Meat,Offline,C,1/7/13,Europe,2/23/13,9357,421.89,364.69,3947624.73,3412404.33,535220.4
966319501,Switzerland,Meat,Online,L,7/31/12,Europe,8/1/12,4269,421.89,364.69,1801048.41,1556861.61,244186.8
998599135,Singapore,Baby Food,Online,H,8/1/10,Asia,9/5/10,6530,255.28,159.42,1666978.4,1041012.6,625965.8
459109055,Cyprus,Snacks,Offline,C,8/25/14,Europe,10/13/14,9427,152.58,97.44,1438371.66,918566.88,519804.78
751023089,Botswana,Baby Food,Offline,H,7/11/14,Sub-Saharan Africa,8/13/14,3276,255.28,159.42,836297.28,522259.92,314037.36
197827565,Belize,Office Supplies,Online,C,3/7/16,Central America and the Caribbean,4/21/16,428,651.21,524.96,278717.88,224682.88,54035
793321311,Malawi,Clothes,Online,C,4/15/15,Sub-Saharan Africa,5/9/15,260,109.28,35.84,28412.8,9318.4,19094.4
551615655,Kyrgyzstan,Personal Care,Online,H,2/24/16,Asia,3/23/16,4185,81.73,56.67,342040.05,237163.95,104876.1
257134425,Macedonia,Snacks,Online,C,10/11/12,Europe,10/12/12,645,152.58,97.44,98414.1,62848.8,35565.3
314613950,Rwanda,Household,Online,C,5/28/15,Sub-Saharan Africa,5/29/15,114,668.27,502.54,76182.78,57289.56,18893.22
299103057,Cape Verde,Snacks,Offline,C,5/19/16,Sub-Saharan Africa,6/11/16,96,152.58,97.44,14647.68,9354.24,5293.44
305963075,Pakistan,Office Supplies,Online,L,9/14/16,Middle East and North Africa,10/11/16,128,651.21,524.96,83354.88,67194.88,16160
500867831,Kyrgyzstan,Baby Food,Offline,M,8/24/14,Asia,9/2/14,6777,255.28,159.42,1730032.56,1080389.34,649643.22
669803655,Eritrea,Personal Care,Offline,H,2/11/17,Sub-Saharan Africa,3/14/17,8641,81.73,56.67,706228.93,489685.47,216543.46
669069373,Israel,Office Supplies,Online,C,2/27/13,Middle East and North Africa,4/10/13,1351,651.21,524.96,879784.71,709220.96,170563.75
875276315,Libya,Meat,Offline,C,8/9/15,Middle East and North Africa,8/11/15,2567,421.89,364.69,1082991.63,936159.23,146832.4
835348308,Bangladesh,Snacks,Online,M,11/3/11,Asia,11/18/11,6982,152.58,97.44,1065313.56,680326.08,384987.48
616521680,Benin,Vegetables,Offline,M,1/11/13,Sub-Saharan Africa,2/22/13,1320,154.06,90.93,203359.2,120027.6,83331.6
356345260,Burundi,Snacks,Online,H,6/25/12,Sub-Saharan Africa,7/31/12,9336,152.58,97.44,1424486.88,909699.84,514787.04
712680375,Malta,Beverages,Offline,M,2/21/12,Europe,3/4/12,6815,47.45,31.79,323371.75,216648.85,106722.9
613700854,Saint Vincent and the Grenadines,Personal Care,Offline,C,3/23/11,Central America and the Caribbean,4/17/11,6575,81.73,56.67,537374.75,372605.25,164769.5
407893025,China,Cereal,Online,M,1/4/10,Asia,2/14/10,3465,205.7,117.11,712750.5,405786.15,306964.35
514055716,Dominica,Cosmetics,Online,M,8/23/13,Central America and the Caribbean,9/6/13,9365,437.2,263.33,4094378,2466085.45,1628292.55
971300256,Albania,Cereal,Offline,L,3/5/13,Europe,3/20/13,8185,205.7,117.11,1683654.5,958545.35,725109.15
989050471,Luxembourg,Vegetables,Offline,M,2/2/12,Europe,3/22/12,868,154.06,90.93,133724.08,78927.24,54796.84
297042691,Pakistan,Cosmetics,Offline,L,12/3/14,Middle East and North Africa,1/8/15,388,437.2,263.33,169633.6,102172.04,67461.56
495325744,Bulgaria,Clothes,Offline,H,12/6/15,Europe,1/10/16,6750,109.28,35.84,737640,241920,495720
104260957,Egypt,Cereal,Online,M,6/5/10,Middle East and North Africa,6/22/10,1989,205.7,117.11,409137.3,232931.79,176205.51
414522159,Central African Republic,Meat,Online,M,9/21/13,Sub-Saharan Africa,11/3/13,5173,421.89,364.69,2182436.97,1886541.37,295895.6
537095677,Benin,Household,Offline,H,11/28/11,Sub-Saharan Africa,1/2/12,7401,668.27,502.54,4945866.27,3719298.54,1226567.73
553280341,Turkey,Household,Online,L,1/22/11,Middle East and North Africa,1/27/11,6803,668.27,502.54,4546240.81,3418779.62,1127461.19
164687478,Ukraine,Fruits,Offline,C,10/3/10,Europe,10/31/10,3539,9.33,6.92,33018.87,24489.88,8528.99
943240916,Uganda,Cosmetics,Online,H,6/3/15,Sub-Saharan Africa,6/19/15,4803,437.2,263.33,2099871.6,1264773.99,835097.61
481176984,Ghana,Beverages,Offline,L,5/27/15,Sub-Saharan Africa,7/12/15,9817,47.45,31.79,465816.65,312082.43,153734.22
941044509,Namibia,Vegetables,Offline,C,6/19/13,Sub-Saharan Africa,7/22/13,4837,154.06,90.93,745188.22,439828.41,305359.81
505704820,Republic of the Congo,Household,Online,C,6/14/13,Sub-Saharan Africa,6/17/13,8149,668.27,502.54,5445732.23,4095198.46,1350533.77
128331744,Netherlands,Meat,Offline,L,6/20/16,Europe,7/15/16,5070,421.89,364.69,2138982.3,1848978.3,290004
382411611,Australia,Cereal,Online,H,2/14/17,Australia and Oceania,3/13/17,2948,205.7,117.11,606403.6,345240.28,261163.32
111743247,Montenegro,Snacks,Online,H,11/14/14,Europe,12/10/14,6165,152.58,97.44,940655.7,600717.6,339938.1
480437982,Iraq,Household,Online,L,3/27/10,Middle East and North Africa,3/30/10,1130,668.27,502.54,755145.1,567870.2,187274.9
922919642,Cote d'Ivoire,Beverages,Online,H,2/27/16,Sub-Saharan Africa,3/27/16,1286,47.45,31.79,61020.7,40881.94,20138.76
493924558,Mexico,Office Supplies,Offline,C,5/12/16,North America,6/16/16,2108,651.21,524.96,1372750.68,1106615.68,266135
118501555,Slovakia,Vegetables,Online,C,7/24/14,Europe,9/4/14,6098,154.06,90.93,939457.88,554491.14,384966.74
342011964,Bulgaria,Office Supplies,Online,H,7/16/15,Europe,8/20/15,7795,651.21,524.96,5076181.95,4092063.2,984118.75
880129611,Afghanistan,Office Supplies,Offline,H,10/11/13,Middle East and North Africa,11/15/13,8765,651.21,524.96,5707855.65,4601274.4,1106581.25
168840825,Indonesia,Cereal,Online,H,5/28/12,Asia,6/25/12,2607,205.7,117.11,536259.9,305305.77,230954.13
314444434,Italy,Cosmetics,Online,L,10/30/11,Europe,12/8/11,9951,437.2,263.33,4350577.2,2620396.83,1730180.37
343551766,Ukraine,Cereal,Offline,M,7/4/13,Europe,7/8/13,3457,205.7,117.11,711104.9,404849.27,306255.63
253086650,Thailand,Office Supplies,Offline,M,3/11/16,Asia,3/11/16,2819,651.21,524.96,1835760.99,1479862.24,355898.75
560285413,Mali,Office Supplies,Offline,M,2/14/12,Sub-Saharan Africa,2/28/12,9759,651.21,524.96,6355158.39,5123084.64,1232073.75
952696883,Mexico,Personal Care,Offline,M,7/14/13,North America,8/8/13,3034,81.73,56.67,247968.82,171936.78,76032.04
738182389,Lebanon,Baby Food,Offline,H,1/2/11,Middle East and North Africa,1/24/11,3428,255.28,159.42,875099.84,546491.76,328608.08
194915759,South Korea,Beverages,Offline,M,2/13/15,Asia,3/18/15,8759,47.45,31.79,415614.55,278448.61,137165.94
121383321,United Arab Emirates,Meat,Online,C,10/19/14,Middle East and North Africa,10/20/14,8877,421.89,364.69,3745117.53,3237353.13,507764.4
486383903,Georgia,Household,Offline,C,5/24/11,Europe,5/31/11,660,668.27,502.54,441058.2,331676.4,109381.8
879028832,Guinea-Bissau,Fruits,Offline,C,11/23/14,Sub-Saharan Africa,1/6/15,3020,9.33,6.92,28176.6,20898.4,7278.2
958741939,Georgia,Vegetables,Online,H,6/2/17,Europe,7/14/17,1900,154.06,90.93,292714,172767,119947
905259549,Malawi,Personal Care,Offline,C,2/25/12,Sub-Saharan Africa,4/13/12,5272,81.73,56.67,430880.56,298764.24,132116.32
968630492,Saudi Arabia,Household,Online,M,4/10/12,Middle East and North Africa,5/25/12,8143,668.27,502.54,5441722.61,4092183.22,1349539.39
119216096,Saint Lucia,Fruits,Online,L,11/22/16,Central America and the Caribbean,12/20/16,7547,9.33,6.92,70413.51,52225.24,18188.27
997690188,Macedonia,Snacks,Offline,H,10/23/14,Europe,11/26/14,7552,152.58,97.44,1152284.16,735866.88,416417.28
465039098,Rwanda,Beverages,Offline,H,1/16/11,Sub-Saharan Africa,1/26/11,4258,47.45,31.79,202042.1,135361.82,66680.28
852561652,Dominica,Beverages,Online,C,6/19/15,Central America and the Caribbean,8/2/15,794,47.45,31.79,37675.3,25241.26,12434.04
511869180,Libya,Baby Food,Offline,H,4/15/16,Middle East and North Africa,5/18/16,2320,255.28,159.42,592249.6,369854.4,222395.2
564885509,Angola,Personal Care,Offline,H,2/26/14,Sub-Saharan Africa,3/15/14,1030,81.73,56.67,84181.9,58370.1,25811.8
853846967,Lesotho,Household,Offline,C,10/7/10,Sub-Saharan Africa,11/24/10,1147,668.27,502.54,766505.69,576413.38,190092.31
391302382,Mauritius ,Meat,Offline,M,9/6/12,Sub-Saharan Africa,9/18/12,3925,421.89,364.69,1655918.25,1431408.25,224510
510113084,Sudan,Snacks,Offline,M,5/16/12,Sub-Saharan Africa,6/1/12,2652,152.58,97.44,404642.16,258410.88,146231.28
813452899,Slovakia,Snacks,Offline,C,9/29/14,Europe,11/18/14,7644,152.58,97.44,1166321.52,744831.36,421490.16
524808156,Japan,Cosmetics,Online,C,8/11/10,Asia,8/27/10,1251,437.2,263.33,546937.2,329425.83,217511.37
737977683,Estonia,Household,Online,H,10/15/10,Europe,10/24/10,2851,668.27,502.54,1905237.77,1432741.54,472496.23
367072808,Laos,Baby Food,Online,L,1/5/12,Asia,2/10/12,3856,255.28,159.42,984359.68,614723.52,369636.16
196517360,Belgium,Clothes,Online,C,11/14/15,Europe,12/22/15,2709,109.28,35.84,296039.52,97090.56,198948.96
631047666,Bhutan,Meat,Offline,M,6/8/17,Asia,7/3/17,9882,421.89,364.69,4169116.98,3603866.58,565250.4
345712554,United States of America,Household,Offline,L,8/23/16,North America,10/5/16,2882,668.27,502.54,1925954.14,1448320.28,477633.86
335873353,Egypt,Personal Care,Online,C,6/28/14,Middle East and North Africa,8/16/14,1244,81.73,56.67,101672.12,70497.48,31174.64
767203891,Sweden,Household,Offline,C,10/25/16,Europe,12/6/16,1535,668.27,502.54,1025794.45,771398.9,254395.55
525690495,Nepal,Baby Food,Offline,M,5/23/15,Asia,6/24/15,2354,255.28,159.42,600929.12,375274.68,225654.44
367631995,Senegal,Clothes,Online,M,5/26/14,Sub-Saharan Africa,6/13/14,9332,109.28,35.84,1019800.96,334458.88,685342.08
669639718,Dominican Republic,Baby Food,Online,H,7/12/11,Central America and the Caribbean,7/25/11,128,255.28,159.42,32675.84,20405.76,12270.08
978637492,Ukraine,Clothes,Online,H,11/17/16,Europe,12/4/16,9436,109.28,35.84,1031166.08,338186.24,692979.84
461861646,Comoros,Clothes,Online,C,5/2/11,Sub-Saharan Africa,6/16/11,3979,109.28,35.84,434825.12,142607.36,292217.76
156861007,Benin,Cereal,Offline,M,11/30/10,Sub-Saharan Africa,1/15/11,7513,205.7,117.11,1545424.1,879847.43,665576.67
721496903,Ethiopia,Fruits,Offline,M,7/23/17,Sub-Saharan Africa,8/30/17,5822,9.33,6.92,54319.26,40288.24,14031.02
183943164,Djibouti,Cosmetics,Offline,L,5/7/15,Sub-Saharan Africa,5/30/15,1725,437.2,263.33,754170,454244.25,299925.75
692686116,United Arab Emirates,Cosmetics,Online,C,2/18/12,Middle East and North Africa,3/9/12,70,437.2,263.33,30604,18433.1,12170.9
866524589,Italy,Beverages,Online,M,1/18/13,Europe,2/19/13,2737,47.45,31.79,129870.65,87009.23,42861.42
744569909,Kazakhstan,Clothes,Offline,L,9/24/16,Asia,10/23/16,3637,109.28,35.84,397451.36,130350.08,267101.28
436245906,The Bahamas,Cosmetics,Online,H,7/5/11,Central America and the Caribbean,7/22/11,3713,437.2,263.33,1623323.6,977744.29,645579.31
571288907,Algeria,Fruits,Online,M,1/26/17,Middle East and North Africa,2/12/17,5938,9.33,6.92,55401.54,41090.96,14310.58
949747741,Malta,Office Supplies,Online,L,7/11/12,Europe,8/16/12,317,651.21,524.96,206433.57,166412.32,40021.25
991983735,Sudan,Personal Care,Offline,C,11/27/15,Sub-Saharan Africa,1/12/16,8886,81.73,56.67,726252.78,503569.62,222683.16
188670718,Lithuania,Baby Food,Offline,C,3/24/12,Europe,3/31/12,713,255.28,159.42,182014.64,113666.46,68348.18
350795018,Lesotho,Office Supplies,Online,L,4/20/10,Sub-Saharan Africa,6/2/10,6896,651.21,524.96,4490744.16,3620124.16,870620
659655463,Israel,Snacks,Offline,H,3/15/16,Middle East and North Africa,3/29/16,5565,152.58,97.44,849107.7,542253.6,306854.1
816863381,Benin,Baby Food,Online,M,5/15/14,Sub-Saharan Africa,6/30/14,6882,255.28,159.42,1756836.96,1097128.44,659708.52
594342601,Burundi,Snacks,Online,C,10/16/16,Sub-Saharan Africa,10/16/16,8038,152.58,97.44,1226438.04,783222.72,443215.32
284329450,Costa Rica,Clothes,Offline,M,10/28/13,Central America and the Caribbean,11/2/13,8257,109.28,35.84,902324.96,295930.88,606394.08
249372756,Maldives,Office Supplies,Online,C,10/20/15,Asia,11/14/15,3795,651.21,524.96,2471341.95,1992223.2,479118.75
472333848,Mauritania,Vegetables,Online,H,6/1/11,Sub-Saharan Africa,7/7/11,2937,154.06,90.93,452474.22,267061.41,185412.81
106386554,Liberia,Beverages,Offline,H,12/3/16,Sub-Saharan Africa,12/8/16,1000,47.45,31.79,47450,31790,15660
625017201,East Timor,Meat,Online,C,10/15/11,Australia and Oceania,10/28/11,5334,421.89,364.69,2250361.26,1945256.46,305104.8
872024619,Sweden,Vegetables,Offline,C,8/10/10,Europe,9/5/10,318,154.06,90.93,48991.08,28915.74,20075.34
211520135,Republic of the Congo,Personal Care,Online,C,11/27/13,Sub-Saharan Africa,12/22/13,2363,81.73,56.67,193127.99,133911.21,59216.78
777927577,Uzbekistan,Meat,Offline,L,11/29/11,Asia,12/29/11,4912,421.89,364.69,2072323.68,1791357.28,280966.4
725983273,Saudi Arabia,Snacks,Offline,C,1/21/11,Middle East and North Africa,2/13/11,3438,152.58,97.44,524570.04,334998.72,189571.32
980736052,South Africa,Snacks,Offline,M,1/23/15,Sub-Saharan Africa,2/17/15,447,152.58,97.44,68203.26,43555.68,24647.58
287547242,Lesotho,Cosmetics,Offline,C,7/24/13,Sub-Saharan Africa,8/13/13,474,437.2,263.33,207232.8,124818.42,82414.38
162090671,Thailand,Clothes,Offline,L,3/9/16,Asia,4/9/16,5086,109.28,35.84,555798.08,182282.24,373515.84
840352666,Australia,Cereal,Online,C,12/2/10,Australia and Oceania,1/14/11,7883,205.7,117.11,1621533.1,923178.13,698354.97
828632056,Dominica,Cosmetics,Offline,H,4/21/13,Central America and the Caribbean,5/21/13,9494,437.2,263.33,4150776.8,2500055.02,1650721.78
953540170,Monaco,Cosmetics,Online,H,3/28/17,Europe,4/26/17,2581,437.2,263.33,1128413.2,679654.73,448758.47
312000834,Egypt,Snacks,Online,C,11/24/13,Middle East and North Africa,12/11/13,6835,152.58,97.44,1042884.3,666002.4,376881.9
321250379,Ireland,Meat,Online,L,8/30/10,Europe,9/30/10,3981,421.89,364.69,1679544.09,1451830.89,227713.2
668837630,South Korea,Office Supplies,Online,H,3/13/12,Asia,5/1/12,2773,651.21,524.96,1805805.33,1455714.08,350091.25
662623918,Kyrgyzstan,Beverages,Offline,L,8/29/16,Asia,9/8/16,3997,47.45,31.79,189657.65,127064.63,62593.02
580783069,Benin,Cosmetics,Online,L,11/27/11,Sub-Saharan Africa,1/12/12,5471,437.2,263.33,2391921.2,1440678.43,951242.77
321801412,India,Cereal,Online,C,2/25/17,Asia,4/11/17,7044,205.7,117.11,1448950.8,824922.84,624027.96
754477775,Burundi,Baby Food,Online,L,1/14/11,Sub-Saharan Africa,2/23/11,5595,255.28,159.42,1428291.6,891954.9,536336.7
567923486,Maldives,Meat,Online,L,2/11/11,Asia,3/5/11,35,421.89,364.69,14766.15,12764.15,2002
321562373,India,Clothes,Offline,L,1/27/17,Asia,2/21/17,6307,109.28,35.84,689228.96,226042.88,463186.08
195130765,United Arab Emirates,Fruits,Online,H,7/15/14,Middle East and North Africa,8/27/14,2384,9.33,6.92,22242.72,16497.28,5745.44
438677489,Sudan,Baby Food,Online,L,9/5/16,Sub-Saharan Africa,9/14/16,3272,255.28,159.42,835276.16,521622.24,313653.92
922563874,Swaziland,Fruits,Offline,L,1/13/15,Sub-Saharan Africa,2/3/15,6007,9.33,6.92,56045.31,41568.44,14476.87
687463748,Angola,Beverages,Offline,M,7/20/13,Sub-Saharan Africa,8/1/13,4655,47.45,31.79,220879.75,147982.45,72897.3
194363439,Slovenia,Cosmetics,Offline,M,3/31/17,Europe,5/2/17,5316,437.2,263.33,2324155.2,1399862.28,924292.92
874561774,North Korea,Personal Care,Offline,H,4/10/13,Asia,4/26/13,1119,81.73,56.67,91455.87,63413.73,28042.14
179670083,Tanzania,Office Supplies,Online,M,7/26/12,Sub-Saharan Africa,8/10/12,7225,651.21,524.96,4704992.25,3792836,912156.25
131612193,Papua New Guinea,Snacks,Offline,M,10/7/15,Australia and Oceania,10/23/15,5828,152.58,97.44,889236.24,567880.32,321355.92
572624433,Turkmenistan,Cereal,Offline,M,12/30/16,Asia,1/20/17,1149,205.7,117.11,236349.3,134559.39,101789.91
515255630,Grenada,Cosmetics,Offline,H,4/3/15,Central America and the Caribbean,4/21/15,4446,437.2,263.33,1943791.2,1170765.18,773026.02
392367112,Sweden,Cereal,Offline,H,7/29/10,Europe,8/10/10,9003,205.7,117.11,1851917.1,1054341.33,797575.77
707132709,Greece,Snacks,Offline,C,6/9/15,Europe,7/23/15,5137,152.58,97.44,783803.46,500549.28,283254.18
683038747,Costa Rica,Cereal,Online,H,1/31/13,Central America and the Caribbean,2/16/13,5199,205.7,117.11,1069434.3,608854.89,460579.41
513884055,Kiribati,Snacks,Offline,L,5/2/14,Australia and Oceania,5/25/14,8566,152.58,97.44,1307000.28,834671.04,472329.24
913779962,Turkmenistan,Meat,Offline,L,12/3/15,Asia,12/24/15,6652,421.89,364.69,2806412.28,2425917.88,380494.4
867150294,Somalia,Beverages,Offline,H,11/10/11,Middle East and North Africa,11/13/11,7897,47.45,31.79,374712.65,251045.63,123667.02
778731381,Saudi Arabia,Meat,Offline,C,5/14/12,Middle East and North Africa,6/10/12,2776,421.89,364.69,1171166.64,1012379.44,158787.2
223572051,Portugal,Clothes,Offline,C,5/20/17,Europe,6/28/17,8793,109.28,35.84,960899.04,315141.12,645757.92
197033631,Iran,Baby Food,Online,M,9/30/12,Middle East and North Africa,11/18/12,5485,255.28,159.42,1400210.8,874418.7,525792.1
864789950,Cambodia,Personal Care,Offline,C,11/21/11,Asia,11/22/11,9419,81.73,56.67,769814.87,533774.73,236040.14
212827336,Switzerland,Personal Care,Offline,C,2/19/14,Europe,3/1/14,9193,81.73,56.67,751343.89,520967.31,230376.58
797444617,Dominica,Vegetables,Offline,M,2/11/16,Central America and the Caribbean,3/5/16,438,154.06,90.93,67478.28,39827.34,27650.94
295253121,Kazakhstan,Household,Offline,L,7/1/15,Asia,7/3/15,815,668.27,502.54,544640.05,409570.1,135069.95
953176677,Myanmar,Snacks,Online,M,10/27/14,Asia,12/15/14,5015,152.58,97.44,765188.7,488661.6,276527.1
138451611,Mauritius ,Office Supplies,Online,L,2/10/10,Sub-Saharan Africa,3/7/10,9763,651.21,524.96,6357763.23,5125184.48,1232578.75
688626754,Comoros,Personal Care,Online,C,5/22/17,Sub-Saharan Africa,6/25/17,8814,81.73,56.67,720368.22,499489.38,220878.84
561563432,Vietnam,Snacks,Online,M,11/17/15,Asia,12/28/15,7953,152.58,97.44,1213468.74,774940.32,438528.42
485435473,South Africa,Beverages,Online,M,5/15/12,Sub-Saharan Africa,7/4/12,9999,47.45,31.79,474452.55,317868.21,156584.34
808729207,The Bahamas,Office Supplies,Online,M,9/22/14,Central America and the Caribbean,10/19/14,9799,651.21,524.96,6381206.79,5144083.04,1237123.75
150243461,Tunisia ,Snacks,Online,C,12/5/12,Middle East and North Africa,1/2/13,9234,152.58,97.44,1408923.72,899760.96,509162.76
349089562,South Sudan,Personal Care,Offline,C,3/9/13,Sub-Saharan Africa,3/31/13,2214,81.73,56.67,180950.22,125467.38,55482.84
614691340,Guinea,Cereal,Online,H,5/27/11,Sub-Saharan Africa,6/10/11,9682,205.7,117.11,1991587.4,1133859.02,857728.38
676785123,Vietnam,Personal Care,Online,M,2/14/12,Asia,3/11/12,4612,81.73,56.67,376938.76,261362.04,115576.72
335419738,Grenada,Vegetables,Offline,L,3/2/17,Central America and the Caribbean,3/16/17,7009,154.06,90.93,1079806.54,637328.37,442478.17
810956513,Trinidad and Tobago,Fruits,Offline,C,4/13/14,Central America and the Caribbean,4/15/14,8908,9.33,6.92,83111.64,61643.36,21468.28
694069278,Israel,Household,Offline,L,3/16/11,Middle East and North Africa,5/5/11,9378,668.27,502.54,6267036.06,4712820.12,1554215.94
895744359,Papua New Guinea,Fruits,Offline,M,9/26/16,Australia and Oceania,10/24/16,9516,9.33,6.92,88784.28,65850.72,22933.56
597280585,Iraq,Cosmetics,Offline,H,4/1/14,Middle East and North Africa,4/1/14,7453,437.2,263.33,3258451.6,1962598.49,1295853.11
400289285,Sudan,Baby Food,Online,M,11/19/10,Sub-Saharan Africa,12/31/10,3350,255.28,159.42,855188,534057,321131
976694285,Vatican City,Household,Offline,C,1/25/11,Europe,2/7/11,4398,668.27,502.54,2939051.46,2210170.92,728880.54
818731915,Norway,Household,Offline,M,9/19/12,Europe,11/1/12,9823,668.27,502.54,6564416.21,4936450.42,1627965.79
288951003,Kosovo,Household,Online,H,1/14/11,Europe,2/28/11,5878,668.27,502.54,3928091.06,2953930.12,974160.94
270212876,Papua New Guinea,Cereal,Offline,L,6/4/17,Australia and Oceania,7/21/17,850,205.7,117.11,174845,99543.5,75301.5
815691363,Kuwait,Meat,Online,C,4/13/10,Middle East and North Africa,4/27/10,56,421.89,364.69,23625.84,20422.64,3203.2
698872792,Tuvalu,Baby Food,Offline,C,7/2/14,Australia and Oceania,7/29/14,845,255.28,159.42,215711.6,134709.9,81001.7
563555991,Nicaragua,Cereal,Online,H,5/24/14,Central America and the Caribbean,5/27/14,7596,205.7,117.11,1562497.2,889567.56,672929.64
673852288,Croatia,Clothes,Online,M,6/25/10,Europe,7/19/10,6721,109.28,35.84,734470.88,240880.64,493590.24
464185512,Haiti,Fruits,Online,L,9/16/15,Central America and the Caribbean,9/24/15,1663,9.33,6.92,15515.79,11507.96,4007.83
789291989,Tuvalu,Meat,Offline,M,10/18/13,Australia and Oceania,11/26/13,7894,421.89,364.69,3330399.66,2878862.86,451536.8
774220550,Croatia,Meat,Offline,H,1/13/16,Europe,2/18/16,7920,421.89,364.69,3341368.8,2888344.8,453024
964332520,Czech Republic,Cereal,Offline,H,1/21/12,Europe,2/24/12,6277,205.7,117.11,1291178.9,735099.47,556079.43
175301730,Egypt,Cosmetics,Offline,H,6/30/11,Middle East and North Africa,7/5/11,4532,437.2,263.33,1981390.4,1193411.56,787978.84
443114507,Sierra Leone,Vegetables,Offline,H,6/23/17,Sub-Saharan Africa,7/29/17,6284,154.06,90.93,968113.04,571404.12,396708.92
274069678,Rwanda,Fruits,Online,L,4/3/15,Sub-Saharan Africa,5/22/15,2163,9.33,6.92,20180.79,14967.96,5212.83
494778573,Macedonia,Meat,Offline,M,11/14/13,Europe,12/17/13,4830,421.89,364.69,2037728.7,1761452.7,276276
202165019,Andorra,Meat,Online,L,1/28/12,Europe,2/8/12,3977,421.89,364.69,1677856.53,1450372.13,227484.4
813465344,China,Clothes,Online,C,4/1/17,Asia,4/26/17,1327,109.28,35.84,145014.56,47559.68,97454.88
216228377,Panama,Meat,Offline,M,5/4/11,Central America and the Caribbean,5/4/11,5637,421.89,364.69,2378193.93,2055757.53,322436.4
418315446,Tonga,Baby Food,Online,L,3/20/15,Australia and Oceania,4/17/15,7691,255.28,159.42,1963358.48,1226099.22,737259.26
797900378,Finland,Meat,Online,H,9/27/16,Europe,11/2/16,5308,421.89,364.69,2239392.12,1935774.52,303617.6
353469502,Senegal,Beverages,Offline,M,5/30/12,Sub-Saharan Africa,6/15/12,8335,47.45,31.79,395495.75,264969.65,130526.1
853821647,Maldives,Meat,Offline,C,2/25/11,Asia,4/16/11,3654,421.89,364.69,1541586.06,1332577.26,209008.8
988068139,Montenegro,Beverages,Offline,M,5/18/15,Europe,6/16/15,174,47.45,31.79,8256.3,5531.46,2724.84
415632808,Guinea,Vegetables,Online,M,3/16/17,Sub-Saharan Africa,4/21/17,3839,154.06,90.93,591436.34,349080.27,242356.07
216251981,Lesotho,Cosmetics,Offline,C,5/25/17,Sub-Saharan Africa,6/10/17,2622,437.2,263.33,1146338.4,690451.26,455887.14
639974486,Dominican Republic,Office Supplies,Offline,H,12/26/13,Central America and the Caribbean,12/28/13,1527,651.21,524.96,994397.67,801613.92,192783.75
657161653,Jordan,Meat,Online,H,8/25/13,Middle East and North Africa,10/6/13,7591,421.89,364.69,3202566.99,2768361.79,434205.2
208487308,Papua New Guinea,Cosmetics,Offline,L,10/5/12,Australia and Oceania,10/24/12,4882,437.2,263.33,2134410.4,1285577.06,848833.34
654937779,Libya,Household,Offline,C,5/7/16,Middle East and North Africa,6/8/16,9498,668.27,502.54,6347228.46,4773124.92,1574103.54
727811896,Cuba,Meat,Online,L,7/22/11,Central America and the Caribbean,8/8/11,4569,421.89,364.69,1927615.41,1666268.61,261346.8
578720986,Saint Kitts and Nevis ,Baby Food,Offline,C,11/21/16,Central America and the Caribbean,12/16/16,5255,255.28,159.42,1341496.4,837752.1,503744.3
429588878,Finland,Vegetables,Online,H,4/10/10,Europe,5/23/10,3750,154.06,90.93,577725,340987.5,236737.5
122651898,Greenland,Personal Care,Offline,H,2/17/16,North America,3/10/16,4277,81.73,56.67,349559.21,242377.59,107181.62
470458877,Netherlands,Baby Food,Offline,H,9/22/10,Europe,9/24/10,8091,255.28,159.42,2065470.48,1289867.22,775603.26
105871140,Kuwait,Meat,Offline,M,10/27/16,Middle East and North Africa,12/3/16,8478,421.89,364.69,3576783.42,3091841.82,484941.6
432062518,Belgium,Beverages,Online,M,8/8/16,Europe,8/24/16,5755,47.45,31.79,273074.75,182951.45,90123.3
672519338,Egypt,Fruits,Offline,C,1/13/16,Middle East and North Africa,2/27/16,2272,9.33,6.92,21197.76,15722.24,5475.52
121040427,Dominican Republic,Cosmetics,Offline,L,10/13/10,Central America and the Caribbean,10/28/10,7407,437.2,263.33,3238340.4,1950485.31,1287855.09
391737115,United Arab Emirates,Fruits,Online,C,9/24/12,Middle East and North Africa,10/29/12,2572,9.33,6.92,23996.76,17798.24,6198.52
469033229,Syria,Vegetables,Online,C,11/22/15,Middle East and North Africa,1/7/16,6210,154.06,90.93,956712.6,564675.3,392037.3
757665097,United Kingdom,Clothes,Offline,C,5/7/15,Europe,5/14/15,8794,109.28,35.84,961008.32,315176.96,645831.36
832681548,Monaco,Cereal,Offline,H,1/8/11,Europe,1/22/11,7829,205.7,117.11,1610425.3,916854.19,693571.11
789443910,Syria,Meat,Offline,H,6/26/11,Middle East and North Africa,7/22/11,2851,421.89,364.69,1202808.39,1039731.19,163077.2
793626010,Dominica,Personal Care,Offline,H,1/3/15,Central America and the Caribbean,2/13/15,427,81.73,56.67,34898.71,24198.09,10700.62
631214177,Tuvalu,Vegetables,Online,L,5/11/13,Australia and Oceania,5/28/13,9157,154.06,90.93,1410727.42,832646.01,578081.41
158507239,Iceland,Baby Food,Online,C,9/23/10,Europe,9/29/10,4669,255.28,159.42,1191902.32,744331.98,447570.34
652116525,Antigua and Barbuda ,Personal Care,Online,L,5/13/12,Central America and the Caribbean,6/1/12,4626,81.73,56.67,378082.98,262155.42,115927.56
758965861,Cote d'Ivoire,Cereal,Online,C,3/27/13,Sub-Saharan Africa,4/3/13,3719,205.7,117.11,764998.3,435532.09,329466.21
546291577,Tuvalu,Vegetables,Offline,L,12/7/16,Australia and Oceania,1/9/17,8672,154.06,90.93,1336008.32,788544.96,547463.36
151642501,Mauritius ,Fruits,Online,L,10/6/16,Sub-Saharan Africa,11/25/16,3241,9.33,6.92,30238.53,22427.72,7810.81
232879960,El Salvador,Meat,Offline,C,9/2/14,Central America and the Caribbean,9/24/14,3210,421.89,364.69,1354266.9,1170654.9,183612
618177783,Maldives,Snacks,Offline,L,6/10/17,Asia,6/14/17,1398,152.58,97.44,213306.84,136221.12,77085.72
756022298,Australia,Snacks,Online,M,3/21/10,Australia and Oceania,4/2/10,2653,152.58,97.44,404794.74,258508.32,146286.42
165212333,Iran,Beverages,Offline,L,4/13/13,Middle East and North Africa,4/15/13,8855,47.45,31.79,420169.75,281500.45,138669.3
684859216,Guinea,Personal Care,Offline,M,2/11/10,Sub-Saharan Africa,3/26/10,3916,81.73,56.67,320054.68,221919.72,98134.96
624386775,Japan,Fruits,Offline,L,10/8/11,Asia,11/16/11,8777,9.33,6.92,81889.41,60736.84,21152.57
613531339,Kuwait,Cereal,Offline,L,3/21/15,Middle East and North Africa,4/3/15,6412,205.7,117.11,1318948.4,750909.32,568039.08
452341735,Rwanda,Vegetables,Offline,C,9/16/14,Sub-Saharan Africa,10/8/14,6826,154.06,90.93,1051613.56,620688.18,430925.38
461179292,Slovenia,Cereal,Online,C,2/17/13,Europe,3/27/13,2056,205.7,117.11,422919.2,240778.16,182141.04
130717837,Cambodia,Meat,Online,L,8/27/10,Asia,9/16/10,1168,421.89,364.69,492767.52,425957.92,66809.6
371943700,Morocco,Vegetables,Online,M,1/29/16,Middle East and North Africa,3/12/16,5261,154.06,90.93,810509.66,478382.73,332126.93
366155707,Somalia,Household,Online,H,10/7/12,Middle East and North Africa,10/23/12,2465,668.27,502.54,1647285.55,1238761.1,408524.45
714965188,Azerbaijan,Cosmetics,Offline,L,6/11/15,Middle East and North Africa,6/26/15,2942,437.2,263.33,1286242.4,774716.86,511525.54
290295970,Moldova ,Clothes,Offline,H,5/21/13,Europe,5/25/13,3883,109.28,35.84,424334.24,139166.72,285167.52
284384381,Italy,Snacks,Online,C,2/2/12,Europe,2/10/12,4513,152.58,97.44,688593.54,439746.72,248846.82
159779250,Ghana,Cosmetics,Online,C,4/26/14,Sub-Saharan Africa,6/8/14,1086,437.2,263.33,474799.2,285976.38,188822.82
799341905,Israel,Cereal,Offline,M,5/2/16,Middle East and North Africa,6/6/16,1888,205.7,117.11,388361.6,221103.68,167257.92
456246173,Benin,Fruits,Offline,C,9/7/11,Sub-Saharan Africa,9/7/11,2236,9.33,6.92,20861.88,15473.12,5388.76
603978383,Taiwan,Clothes,Online,H,2/10/10,Asia,3/1/10,9480,109.28,35.84,1035974.4,339763.2,696211.2
986337363,Mozambique,Baby Food,Offline,C,1/28/11,Sub-Saharan Africa,2/6/11,7999,255.28,159.42,2041984.72,1275200.58,766784.14
967434442,Samoa ,Cereal,Online,M,2/6/15,Australia and Oceania,2/7/15,4205,205.7,117.11,864968.5,492447.55,372520.95
881693446,Afghanistan,Cosmetics,Online,C,5/29/12,Middle East and North Africa,6/13/12,1539,437.2,263.33,672850.8,405264.87,267585.93
683850705,Mauritania,Fruits,Online,C,1/4/17,Sub-Saharan Africa,2/6/17,5475,9.33,6.92,51081.75,37887,13194.75
398955047,Mozambique,Office Supplies,Online,H,6/25/17,Sub-Saharan Africa,7/20/17,8519,651.21,524.96,5547657.99,4472134.24,1075523.75
572367799,Fiji,Fruits,Online,L,1/10/11,Australia and Oceania,2/5/11,5206,9.33,6.92,48571.98,36025.52,12546.46
919762790,Albania,Snacks,Offline,H,11/7/14,Europe,11/14/14,7103,152.58,97.44,1083775.74,692116.32,391659.42
777126348,South Sudan,Household,Online,M,12/6/16,Sub-Saharan Africa,12/12/16,7811,668.27,502.54,5219856.97,3925339.94,1294517.03
450757300,Egypt,Personal Care,Online,L,2/7/10,Middle East and North Africa,3/25/10,7957,81.73,56.67,650325.61,450923.19,199402.42
767266976,Portugal,Beverages,Online,C,12/23/10,Europe,1/5/11,204,47.45,31.79,9679.8,6485.16,3194.64
823579204,Netherlands,Office Supplies,Offline,C,9/23/10,Europe,10/28/10,4243,651.21,524.96,2763084.03,2227405.28,535678.75
236930310,Democratic Republic of the Congo,Cosmetics,Online,C,9/26/16,Sub-Saharan Africa,11/14/16,1799,437.2,263.33,786522.8,473730.67,312792.13
494869124,Albania,Clothes,Offline,C,12/14/10,Europe,1/14/11,1626,109.28,35.84,177689.28,58275.84,119413.44
905256974,Papua New Guinea,Vegetables,Offline,L,3/30/14,Australia and Oceania,4/22/14,4510,154.06,90.93,694810.6,410094.3,284716.3
846267688,Maldives,Cereal,Offline,C,6/23/14,Asia,6/27/14,8270,205.7,117.11,1701139,968499.7,732639.3
216387593,Gabon,Baby Food,Offline,C,9/19/15,Sub-Saharan Africa,10/4/15,2752,255.28,159.42,702530.56,438723.84,263806.72
784415519,Greenland,Fruits,Offline,H,9/28/11,North America,11/5/11,4838,9.33,6.92,45138.54,33478.96,11659.58
339462792,Sierra Leone,Personal Care,Offline,L,7/17/12,Sub-Saharan Africa,7/30/12,3439,81.73,56.67,281069.47,194888.13,86181.34
340953242,Costa Rica,Cereal,Offline,M,3/28/10,Central America and the Caribbean,4/22/10,4496,205.7,117.11,924827.2,526526.56,398300.64
968623197,Hungary,Fruits,Online,C,2/26/13,Europe,3/15/13,5984,9.33,6.92,55830.72,41409.28,14421.44
672521483,Greece,Cereal,Offline,H,10/7/11,Europe,10/30/11,2907,205.7,117.11,597969.9,340438.77,257531.13
223009431,The Bahamas,Baby Food,Offline,H,9/25/12,Central America and the Caribbean,11/5/12,2301,255.28,159.42,587399.28,366825.42,220573.86
460760867,Estonia,Personal Care,Online,L,6/13/12,Europe,6/16/12,8235,81.73,56.67,673046.55,466677.45,206369.1
946762120,Tonga,Vegetables,Online,L,12/4/15,Australia and Oceania,12/13/15,6805,154.06,90.93,1048378.3,618778.65,429599.65
412312018,Egypt,Household,Offline,M,4/24/10,Middle East and North Africa,6/10/10,1144,668.27,502.54,764500.88,574905.76,189595.12
809021890,Norway,Clothes,Online,L,2/11/14,Europe,2/24/14,6410,109.28,35.84,700484.8,229734.4,470750.4
558815562,Kenya,Baby Food,Online,H,10/30/12,Sub-Saharan Africa,12/17/12,4798,255.28,159.42,1224833.44,764897.16,459936.28
403929364,Bangladesh,Vegetables,Offline,H,9/26/15,Asia,9/27/15,530,154.06,90.93,81651.8,48192.9,33458.9
256912124,France,Cereal,Offline,M,3/30/14,Europe,4/13/14,4861,205.7,117.11,999907.7,569271.71,430635.99
550625169,Marshall Islands,Cereal,Offline,C,12/20/15,Australia and Oceania,1/28/16,1078,205.7,117.11,221744.6,126244.58,95500.02
888242328,Bosnia and Herzegovina,Vegetables,Online,H,9/2/10,Europe,9/18/10,9498,154.06,90.93,1463261.88,863653.14,599608.74
493249928,Namibia,Meat,Offline,L,11/18/11,Sub-Saharan Africa,11/19/11,2470,421.89,364.69,1042068.3,900784.3,141284
459446799,Croatia,Household,Online,C,4/11/15,Europe,5/17/15,9373,668.27,502.54,6263694.71,4710307.42,1553387.29
600944268,Norway,Cosmetics,Offline,M,1/5/10,Europe,1/31/10,1618,437.2,263.33,707389.6,426067.94,281321.66
802166163,Croatia,Snacks,Offline,L,10/29/12,Europe,11/15/12,7649,152.58,97.44,1167084.42,745318.56,421765.86
567848813,Sierra Leone,Cereal,Offline,H,3/23/11,Sub-Saharan Africa,4/7/11,7937,205.7,117.11,1632640.9,929502.07,703138.83
373041045,Russia,Meat,Online,C,9/14/12,Europe,10/1/12,9990,421.89,364.69,4214681.1,3643253.1,571428
313104188,Ireland,Fruits,Online,M,9/9/10,Europe,10/11/10,3342,9.33,6.92,31180.86,23126.64,8054.22
553712069,Pakistan,Snacks,Offline,C,1/10/11,Middle East and North Africa,1/17/11,4561,152.58,97.44,695917.38,444423.84,251493.54
880851018,Canada,Vegetables,Offline,L,1/19/13,North America,1/21/13,2246,154.06,90.93,346018.76,204228.78,141789.98
250819861,Qatar,Beverages,Offline,M,5/21/13,Middle East and North Africa,6/7/13,2026,47.45,31.79,96133.7,64406.54,31727.16
840229928,Turkmenistan,Personal Care,Online,C,4/13/17,Asia,4/27/17,1562,81.73,56.67,127662.26,88518.54,39143.72
396005046,Moldova ,Meat,Offline,L,2/15/12,Europe,3/31/12,5548,421.89,364.69,2340645.72,2023300.12,317345.6
785381543,Pakistan,Vegetables,Offline,H,8/28/16,Middle East and North Africa,9/17/16,706,154.06,90.93,108766.36,64196.58,44569.78
345908248,Tuvalu,Cereal,Online,L,8/12/16,Australia and Oceania,9/25/16,792,205.7,117.11,162914.4,92751.12,70163.28
635446488,Sri Lanka,Office Supplies,Online,L,12/8/13,Asia,1/9/14,1592,651.21,524.96,1036726.32,835736.32,200990
582170093,Finland,Baby Food,Online,H,5/31/15,Europe,7/7/15,5922,255.28,159.42,1511768.16,944085.24,567682.92
534565389,France,Office Supplies,Online,L,10/4/13,Europe,10/30/13,8633,651.21,524.96,5621895.93,4531979.68,1089916.25
911431205,Bahrain,Fruits,Online,L,2/8/14,Middle East and North Africa,2/12/14,1602,9.33,6.92,14946.66,11085.84,3860.82
851878869,Cote d'Ivoire,Snacks,Online,M,2/2/15,Sub-Saharan Africa,3/15/15,8743,152.58,97.44,1334006.94,851917.92,482089.02
465332210,Hungary,Personal Care,Offline,M,8/10/12,Europe,9/22/12,996,81.73,56.67,81403.08,56443.32,24959.76
381527554,Bulgaria,Clothes,Offline,H,3/20/11,Europe,4/17/11,1337,109.28,35.84,146107.36,47918.08,98189.28
400513732,Afghanistan,Personal Care,Offline,M,9/21/12,Middle East and North Africa,9/28/12,9768,81.73,56.67,798338.64,553552.56,244786.08
842652070,Kosovo,Cosmetics,Online,M,6/16/12,Europe,6/16/12,8328,437.2,263.33,3641001.6,2193012.24,1447989.36
298616397,Australia,Meat,Online,H,7/30/10,Australia and Oceania,8/17/10,6083,421.89,364.69,2566356.87,2218409.27,347947.6
579393041,United Kingdom,Personal Care,Offline,C,11/22/15,Europe,12/26/15,4131,81.73,56.67,337626.63,234103.77,103522.86
866280829,Germany,Office Supplies,Offline,L,10/5/11,Europe,10/14/11,603,651.21,524.96,392679.63,316550.88,76128.75
860891091,Spain,Personal Care,Offline,H,11/26/12,Europe,12/14/12,5660,81.73,56.67,462591.8,320752.2,141839.6
335147655,Latvia,Baby Food,Offline,C,3/6/16,Europe,3/29/16,6494,255.28,159.42,1657788.32,1035273.48,622514.84
481286847,Italy,Cosmetics,Online,L,12/6/11,Europe,12/8/11,2328,437.2,263.33,1017801.6,613032.24,404769.36
761857497,Lebanon,Snacks,Online,C,7/1/10,Middle East and North Africa,7/20/10,9418,152.58,97.44,1436998.44,917689.92,519308.52
259720933,Romania,Vegetables,Online,L,9/20/15,Europe,9/20/15,6050,154.06,90.93,932063,550126.5,381936.5
828050982,Lebanon,Cosmetics,Offline,H,7/23/13,Middle East and North Africa,8/7/13,7542,437.2,263.33,3297362.4,1986034.86,1311327.54
340333974,Bosnia and Herzegovina,Household,Offline,L,10/8/13,Europe,11/17/13,1241,668.27,502.54,829323.07,623652.14,205670.93
340368735,Maldives,Cereal,Online,L,10/22/15,Asia,12/5/15,1527,205.7,117.11,314103.9,178826.97,135276.93
192266595,Cape Verde,Personal Care,Online,L,8/14/12,Sub-Saharan Africa,8/21/12,4813,81.73,56.67,393366.49,272752.71,120613.78
230451381,Ethiopia,Vegetables,Offline,M,2/25/17,Sub-Saharan Africa,2/25/17,4540,154.06,90.93,699432.4,412822.2,286610.2
409659421,Cape Verde,Fruits,Online,C,2/15/13,Sub-Saharan Africa,2/20/13,6181,9.33,6.92,57668.73,42772.52,14896.21
754939544,Kosovo,Office Supplies,Online,M,10/30/11,Europe,12/11/11,2242,651.21,524.96,1460012.82,1176960.32,283052.5
911653077,Dominican Republic,Personal Care,Online,M,6/21/10,Central America and the Caribbean,8/6/10,7259,81.73,56.67,593278.07,411367.53,181910.54
595473849,Monaco,Household,Online,M,2/8/11,Europe,3/18/11,2800,668.27,502.54,1871156,1407112,464044
942388188,Federated States of Micronesia,Fruits,Offline,H,11/11/16,Australia and Oceania,11/16/16,2462,9.33,6.92,22970.46,17037.04,5933.42
458694922,The Bahamas,Cereal,Offline,H,12/31/12,Central America and the Caribbean,1/21/13,6876,205.7,117.11,1414393.2,805248.36,609144.84
871005380,Barbados,Personal Care,Online,C,2/17/16,Central America and the Caribbean,3/11/16,8702,81.73,56.67,711214.46,493142.34,218072.12
376243388,Burkina Faso,Office Supplies,Offline,M,6/4/17,Sub-Saharan Africa,7/10/17,7634,651.21,524.96,4971337.14,4007544.64,963792.5
391645276,Slovakia,Snacks,Online,C,9/11/16,Europe,10/30/16,5395,152.58,97.44,823169.1,525688.8,297480.3
604759871,Samoa ,Fruits,Offline,L,1/14/11,Australia and Oceania,2/22/11,740,9.33,6.92,6904.2,5120.8,1783.4
323448503,Cambodia,Clothes,Online,H,9/29/13,Asia,11/15/13,4454,109.28,35.84,486733.12,159631.36,327101.76
725884997,South Sudan,Clothes,Online,H,9/6/12,Sub-Saharan Africa,9/7/12,4356,109.28,35.84,476023.68,156119.04,319904.64
810555684,Chad,Cosmetics,Offline,C,12/2/11,Sub-Saharan Africa,1/15/12,294,437.2,263.33,128536.8,77419.02,51117.78
546259391,South Korea,Cereal,Offline,C,10/20/12,Asia,10/23/12,9148,205.7,117.11,1881743.6,1071322.28,810421.32
422107446,Georgia,Office Supplies,Offline,H,3/7/10,Europe,4/2/10,9828,651.21,524.96,6400091.88,5159306.88,1240785
997523677,Montenegro,Baby Food,Online,C,4/25/11,Europe,6/6/11,8278,255.28,159.42,2113207.84,1319678.76,793529.08
652244412,Cambodia,Personal Care,Online,H,12/17/16,Asia,2/2/17,2471,81.73,56.67,201954.83,140031.57,61923.26
536318480,Lebanon,Beverages,Online,M,1/6/10,Middle East and North Africa,1/29/10,7411,47.45,31.79,351651.95,235595.69,116056.26
520107209,Tonga,Personal Care,Offline,H,4/18/12,Australia and Oceania,5/5/12,136,81.73,56.67,11115.28,7707.12,3408.16
544284427,Guinea,Fruits,Offline,L,8/10/12,Sub-Saharan Africa,8/26/12,4712,9.33,6.92,43962.96,32607.04,11355.92
169836461,Mozambique,Cosmetics,Offline,L,12/22/15,Sub-Saharan Africa,1/7/16,7238,437.2,263.33,3164453.6,1905982.54,1258471.06
828062140,Mauritius ,Beverages,Offline,L,2/10/17,Sub-Saharan Africa,2/13/17,844,47.45,31.79,40047.8,26830.76,13217.04
870572793,Cyprus,Household,Online,C,10/24/11,Europe,11/23/11,690,668.27,502.54,461106.3,346752.6,114353.7
519292247,Andorra,Snacks,Offline,M,11/11/15,Europe,12/12/15,8971,152.58,97.44,1368795.18,874134.24,494660.94
516456830,Canada,Fruits,Offline,L,10/25/15,North America,11/3/15,9908,9.33,6.92,92441.64,68563.36,23878.28
774615371,Croatia,Vegetables,Offline,C,8/29/10,Europe,9/3/10,4757,154.06,90.93,732863.42,432554.01,300309.41
826629197,The Gambia,Snacks,Online,L,8/3/15,Sub-Saharan Africa,8/23/15,6804,152.58,97.44,1038154.32,662981.76,375172.56
275672137,Greece,Snacks,Online,H,10/12/12,Europe,11/27/12,6366,152.58,97.44,971324.28,620303.04,351021.24
145230519,United States of America,Baby Food,Online,C,10/11/15,North America,11/16/15,5793,255.28,159.42,1478837.04,923520.06,555316.98
629103171,Philippines,Vegetables,Online,M,9/2/12,Asia,10/6/12,4463,154.06,90.93,687569.78,405820.59,281749.19
641401422,Chad,Fruits,Online,H,5/6/15,Sub-Saharan Africa,6/21/15,3789,9.33,6.92,35351.37,26219.88,9131.49
966549098,Netherlands,Personal Care,Offline,C,3/28/10,Europe,4/13/10,2212,81.73,56.67,180786.76,125354.04,55432.72
209282529,Armenia,Household,Offline,C,2/24/15,Europe,2/25/15,206,668.27,502.54,137663.62,103523.24,34140.38
644650542,Costa Rica,Cosmetics,Online,C,11/10/14,Central America and the Caribbean,12/29/14,5276,437.2,263.33,2306667.2,1389329.08,917338.12
568014466,Costa Rica,Fruits,Offline,L,5/15/10,Central America and the Caribbean,5/31/10,6958,9.33,6.92,64918.14,48149.36,16768.78
145048129,Zimbabwe,Fruits,Offline,C,2/3/15,Sub-Saharan Africa,2/4/15,1820,9.33,6.92,16980.6,12594.4,4386.2
961737859,Uzbekistan,Meat,Online,H,3/21/13,Asia,4/5/13,8459,421.89,364.69,3568767.51,3084912.71,483854.8
174382483,Afghanistan,Baby Food,Online,M,7/8/16,Middle East and North Africa,7/14/16,2507,255.28,159.42,639986.96,399665.94,240321.02
859593331,Ghana,Snacks,Online,M,2/5/15,Sub-Saharan Africa,3/15/15,1624,152.58,97.44,247789.92,158242.56,89547.36
764294230,Jordan,Cosmetics,Online,C,6/27/11,Middle East and North Africa,7/6/11,502,437.2,263.33,219474.4,132191.66,87282.74
855721509,Ukraine,Personal Care,Offline,C,11/8/16,Europe,12/13/16,5865,81.73,56.67,479346.45,332369.55,146976.9
371423995,Pakistan,Cosmetics,Online,H,12/8/16,Middle East and North Africa,12/24/16,1469,437.2,263.33,642246.8,386831.77,255415.03
869263017,Cameroon,Meat,Offline,C,9/3/13,Sub-Saharan Africa,9/22/13,3098,421.89,364.69,1307015.22,1129809.62,177205.6
377412402,Botswana,Vegetables,Online,C,11/9/13,Sub-Saharan Africa,12/27/13,3572,154.06,90.93,550302.32,324801.96,225500.36
144358479,Niger,Fruits,Offline,H,3/13/10,Sub-Saharan Africa,3/30/10,7737,9.33,6.92,72186.21,53540.04,18646.17
588900077,Morocco,Clothes,Offline,H,5/29/15,Middle East and North Africa,7/3/15,7474,109.28,35.84,816758.72,267868.16,548890.56
850148522,Ethiopia,Fruits,Offline,M,12/18/12,Sub-Saharan Africa,1/5/13,6695,9.33,6.92,62464.35,46329.4,16134.95
137527644,Guinea,Cosmetics,Online,M,12/3/13,Sub-Saharan Africa,12/26/13,6341,437.2,263.33,2772285.2,1669775.53,1102509.67
880773770,Slovakia,Household,Online,H,4/4/15,Europe,4/25/15,9386,668.27,502.54,6272382.22,4716840.44,1555541.78
179935729,Ukraine,Cereal,Online,H,3/19/11,Europe,4/8/11,5836,205.7,117.11,1200465.2,683453.96,517011.24
155374848,Georgia,Office Supplies,Offline,H,4/3/12,Europe,5/15/12,7725,651.21,524.96,5030597.25,4055316,975281.25
297764956,Sudan,Clothes,Online,C,12/22/10,Sub-Saharan Africa,2/6/11,4122,109.28,35.84,450452.16,147732.48,302719.68
618092381,Swaziland,Cereal,Online,L,3/5/16,Sub-Saharan Africa,3/9/16,6126,205.7,117.11,1260118.2,717415.86,542702.34
297655951,Mexico,Fruits,Online,M,3/23/11,North America,4/23/11,1865,9.33,6.92,17400.45,12905.8,4494.65
838066995,Uganda,Cereal,Online,C,11/2/10,Sub-Saharan Africa,12/21/10,1502,205.7,117.11,308961.4,175899.22,133062.18
211249339,Malta,Office Supplies,Online,L,11/15/11,Europe,12/6/11,2229,651.21,524.96,1451547.09,1170135.84,281411.25
509439313,Netherlands,Household,Online,C,3/30/12,Europe,4/23/12,3268,668.27,502.54,2183906.36,1642300.72,541605.64
295185744,Central African Republic,Household,Online,C,9/22/14,Sub-Saharan Africa,10/15/14,876,668.27,502.54,585404.52,440225.04,145179.48
451349961,Mauritania,Household,Offline,C,7/30/15,Sub-Saharan Africa,9/14/15,3338,668.27,502.54,2230685.26,1677478.52,553206.74
131105792,Madagascar,Vegetables,Online,C,11/28/15,Sub-Saharan Africa,12/5/15,5972,154.06,90.93,920046.32,543033.96,377012.36
807939565,The Bahamas,Clothes,Online,L,4/30/10,Central America and the Caribbean,6/8/10,6126,109.28,35.84,669449.28,219555.84,449893.44
425650107,Kosovo,Office Supplies,Online,C,6/9/13,Europe,6/15/13,8181,651.21,524.96,5327549.01,4294697.76,1032851.25
148348748,Serbia,Fruits,Online,H,8/12/10,Europe,9/23/10,8546,9.33,6.92,79734.18,59138.32,20595.86
310459315,Lithuania,Household,Offline,H,10/19/14,Europe,11/1/14,665,668.27,502.54,444399.55,334189.1,110210.45
866718137,Panama,Office Supplies,Offline,H,4/15/17,Central America and the Caribbean,4/20/17,12,651.21,524.96,7814.52,6299.52,1515
942174041,China,Household,Online,H,3/23/14,Asia,4/30/14,9091,668.27,502.54,6075242.57,4568591.14,1506651.43
182188355,Cyprus,Cereal,Offline,M,5/21/10,Europe,7/4/10,2438,205.7,117.11,501496.6,285514.18,215982.42
102434909,Angola,Household,Offline,C,5/29/15,Sub-Saharan Africa,7/15/15,1621,668.27,502.54,1083265.67,814617.34,268648.33
938900029,Mongolia,Baby Food,Online,M,4/8/17,Asia,5/11/17,238,255.28,159.42,60756.64,37941.96,22814.68
297882544,Bhutan,Clothes,Offline,L,5/15/16,Asia,6/9/16,8919,109.28,35.84,974668.32,319656.96,655011.36
805993783,Djibouti,Office Supplies,Offline,H,3/8/14,Sub-Saharan Africa,3/18/14,326,651.21,524.96,212294.46,171136.96,41157.5
660157573,Papua New Guinea,Household,Online,H,1/8/17,Australia and Oceania,1/23/17,4151,668.27,502.54,2773988.77,2086043.54,687945.23
377610242,Bulgaria,Household,Offline,M,2/17/17,Europe,3/17/17,2117,668.27,502.54,1414727.59,1063877.18,350850.41
545900619,Eritrea,Snacks,Offline,L,8/7/11,Sub-Saharan Africa,9/2/11,2979,152.58,97.44,454535.82,290273.76,164262.06
472890031,Thailand,Office Supplies,Online,C,9/20/13,Asia,11/8/13,7524,651.21,524.96,4899704.04,3949799.04,949905
436752307,Equatorial Guinea,Household,Offline,L,5/13/11,Sub-Saharan Africa,6/8/11,3568,668.27,502.54,2384387.36,1793062.72,591324.64
335973775,Cote d'Ivoire,Personal Care,Offline,H,3/2/16,Sub-Saharan Africa,4/20/16,961,81.73,56.67,78542.53,54459.87,24082.66
139353263,Panama,Cosmetics,Offline,C,5/4/14,Central America and the Caribbean,6/22/14,6582,437.2,263.33,2877650.4,1733238.06,1144412.34
336002099,Uganda,Office Supplies,Online,H,11/12/15,Sub-Saharan Africa,11/29/15,9343,651.21,524.96,6084255.03,4904701.28,1179553.75
585344111,Greece,Cereal,Offline,L,11/11/12,Europe,12/18/12,5185,205.7,117.11,1066554.5,607215.35,459339.15
167115628,Cote d'Ivoire,Baby Food,Offline,L,9/1/13,Sub-Saharan Africa,9/4/13,2083,255.28,159.42,531748.24,332071.86,199676.38
231365478,Philippines,Baby Food,Online,C,4/25/16,Asia,6/14/16,5041,255.28,159.42,1286866.48,803636.22,483230.26
648454988,San Marino,Office Supplies,Online,L,5/1/12,Europe,5/24/12,1096,651.21,524.96,713726.16,575356.16,138370
459057986,United Arab Emirates,Cereal,Online,C,3/30/13,Middle East and North Africa,4/5/13,4314,205.7,117.11,887389.8,505212.54,382177.26
124160802,Democratic Republic of the Congo,Fruits,Offline,H,6/30/16,Sub-Saharan Africa,8/19/16,795,9.33,6.92,7417.35,5501.4,1915.95
175062263,Canada,Office Supplies,Online,H,10/24/16,North America,12/2/16,3669,651.21,524.96,2389289.49,1926078.24,463211.25
763373696,Tunisia ,Snacks,Offline,M,7/22/17,Middle East and North Africa,8/15/17,8095,152.58,97.44,1235135.1,788776.8,446358.3
311018931,Niger,Snacks,Offline,C,10/16/11,Sub-Saharan Africa,11/28/11,6268,152.58,97.44,956371.44,610753.92,345617.52
460234296,Tajikistan,Office Supplies,Online,M,5/14/16,Asia,6/29/16,2410,651.21,524.96,1569416.1,1265153.6,304262.5
223568618,France,Clothes,Offline,C,2/15/15,Europe,3/10/15,7777,109.28,35.84,849870.56,278727.68,571142.88
933883225,Panama,Snacks,Online,L,9/7/15,Central America and the Caribbean,10/6/15,5654,152.58,97.44,862687.32,550925.76,311761.56
394351947,Slovenia,Personal Care,Online,M,5/15/15,Europe,5/17/15,6359,81.73,56.67,519721.07,360364.53,159356.54
528461110,Denmark,Clothes,Online,L,7/28/12,Europe,9/15/12,2241,109.28,35.84,244896.48,80317.44,164579.04
630009543,Federated States of Micronesia,Fruits,Online,H,7/16/10,Australia and Oceania,7/26/10,2679,9.33,6.92,24995.07,18538.68,6456.39
513108575,China,Personal Care,Online,M,7/29/13,Asia,9/11/13,9085,81.73,56.67,742517.05,514846.95,227670.1
962182033,Panama,Meat,Offline,M,9/10/15,Central America and the Caribbean,10/24/15,9900,421.89,364.69,4176711,3610431,566280
581966245,Gabon,Meat,Offline,L,12/22/11,Sub-Saharan Africa,1/7/12,5599,421.89,364.69,2362162.11,2041899.31,320262.8
747510039,Equatorial Guinea,Baby Food,Offline,H,6/28/17,Sub-Saharan Africa,7/6/17,3687,255.28,159.42,941217.36,587781.54,353435.82
654174745,Niger,Vegetables,Online,M,7/9/10,Sub-Saharan Africa,8/6/10,3699,154.06,90.93,569867.94,336350.07,233517.87
467634189,Burkina Faso,Beverages,Offline,C,1/21/12,Sub-Saharan Africa,2/14/12,2203,47.45,31.79,104532.35,70033.37,34498.98
873874700,Malawi,Snacks,Offline,C,11/10/13,Sub-Saharan Africa,11/16/13,7798,152.58,97.44,1189818.84,759837.12,429981.72
829195106,Thailand,Vegetables,Online,L,7/21/12,Asia,8/14/12,6113,154.06,90.93,941768.78,555855.09,385913.69
710206735,Romania,Vegetables,Offline,H,5/21/13,Europe,6/30/13,4810,154.06,90.93,741028.6,437373.3,303655.3
963833415,Cambodia,Beverages,Offline,H,4/27/11,Asia,4/29/11,8581,47.45,31.79,407168.45,272789.99,134378.46
757311475,South Africa,Baby Food,Offline,C,7/11/17,Sub-Saharan Africa,8/8/17,4149,255.28,159.42,1059156.72,661433.58,397723.14
228189742,United Kingdom,Office Supplies,Offline,C,2/28/10,Europe,3/17/10,5270,651.21,524.96,3431876.7,2766539.2,665337.5
934329545,Denmark,Clothes,Online,M,11/20/13,Europe,12/25/13,7730,109.28,35.84,844734.4,277043.2,567691.2
903904712,Laos,Snacks,Offline,H,10/10/12,Asia,11/15/12,4346,152.58,97.44,663112.68,423474.24,239638.44
485401570,Ireland,Fruits,Offline,H,9/7/14,Europe,10/14/14,9966,9.33,6.92,92982.78,68964.72,24018.06
997618949,Czech Republic,Office Supplies,Online,L,3/6/17,Europe,4/19/17,6471,651.21,524.96,4213979.91,3397016.16,816963.75
679668176,Namibia,Snacks,Online,C,4/24/11,Sub-Saharan Africa,5/17/11,7772,152.58,97.44,1185851.76,757303.68,428548.08
540973079,Pakistan,Snacks,Offline,L,9/17/15,Middle East and North Africa,10/20/15,4810,152.58,97.44,733909.8,468686.4,265223.4
311269986,Cote d'Ivoire,Clothes,Offline,M,3/14/12,Sub-Saharan Africa,4/26/12,561,109.28,35.84,61306.08,20106.24,41199.84
690607726,Marshall Islands,Household,Online,H,3/5/10,Australia and Oceania,3/16/10,5028,668.27,502.54,3360061.56,2526771.12,833290.44
199347627,Iceland,Snacks,Online,M,7/11/12,Europe,7/22/12,248,152.58,97.44,37839.84,24165.12,13674.72
128163516,Uganda,Cosmetics,Online,C,11/5/11,Sub-Saharan Africa,11/5/11,5287,437.2,263.33,2311476.4,1392225.71,919250.69
488041722,Cyprus,Household,Online,L,12/7/16,Europe,12/9/16,1246,668.27,502.54,832664.42,626164.84,206499.58
460281074,Lesotho,Vegetables,Offline,L,3/1/11,Sub-Saharan Africa,3/31/11,6253,154.06,90.93,963337.18,568585.29,394751.89
646492898,Hungary,Snacks,Offline,H,10/26/16,Europe,11/1/16,470,152.58,97.44,71712.6,45796.8,25915.8
818601024,Ukraine,Baby Food,Offline,C,8/12/15,Europe,9/27/15,1089,255.28,159.42,277999.92,173608.38,104391.54
368841779,Belize,Office Supplies,Online,H,1/12/13,Central America and the Caribbean,2/5/13,7334,651.21,524.96,4775974.14,3850056.64,925917.5
559763991,United Arab Emirates,Household,Online,L,11/8/11,Middle East and North Africa,11/13/11,5459,668.27,502.54,3648085.93,2743365.86,904720.07
474228990,Oman,Fruits,Online,L,11/28/15,Middle East and North Africa,12/16/15,3751,9.33,6.92,34996.83,25956.92,9039.91
165410602,Poland,Personal Care,Offline,C,2/27/11,Europe,3/27/11,7528,81.73,56.67,615263.44,426611.76,188651.68
206795156,South Africa,Baby Food,Online,C,12/7/14,Sub-Saharan Africa,12/22/14,4137,255.28,159.42,1056093.36,659520.54,396572.82
342181479,Guinea,Snacks,Offline,M,7/18/11,Sub-Saharan Africa,9/3/11,7959,152.58,97.44,1214384.22,775524.96,438859.26
835680902,Denmark,Cosmetics,Offline,C,8/26/16,Europe,8/29/16,5404,437.2,263.33,2362628.8,1423035.32,939593.48
221717250,Turkmenistan,Cosmetics,Online,M,12/1/12,Asia,12/6/12,9916,437.2,263.33,4335275.2,2611180.28,1724094.92
255026853,Saint Kitts and Nevis ,Snacks,Offline,L,5/8/14,Central America and the Caribbean,6/11/14,6968,152.58,97.44,1063177.44,678961.92,384215.52
960658538,Republic of the Congo,Cereal,Offline,H,2/2/17,Sub-Saharan Africa,2/13/17,9064,205.7,117.11,1864464.8,1061485.04,802979.76
183973634,Sri Lanka,Snacks,Offline,C,10/10/10,Asia,10/30/10,741,152.58,97.44,113061.78,72203.04,40858.74
340645968,Nauru,Beverages,Online,C,8/10/12,Australia and Oceania,9/13/12,3567,47.45,31.79,169254.15,113394.93,55859.22
766661870,Armenia,Beverages,Offline,L,7/28/10,Europe,9/4/10,1139,47.45,31.79,54045.55,36208.81,17836.74
868320167,Ukraine,Household,Offline,L,8/22/12,Europe,8/28/12,4088,668.27,502.54,2731887.76,2054383.52,677504.24
572232186,Palau,Meat,Online,L,9/15/12,Australia and Oceania,10/11/12,5075,421.89,364.69,2141091.75,1850801.75,290290
775321757,Czech Republic,Cereal,Offline,H,2/3/17,Europe,2/25/17,3792,205.7,117.11,780014.4,444081.12,335933.28
194825208,Lebanon,Household,Offline,C,6/19/10,Middle East and North Africa,7/24/10,1963,668.27,502.54,1311814.01,986486.02,325327.99
318291366,Belize,Household,Online,C,8/18/12,Central America and the Caribbean,9/27/12,8343,668.27,502.54,5575376.61,4192691.22,1382685.39
453581559,Belgium,Vegetables,Online,C,3/3/14,Europe,3/31/14,3718,154.06,90.93,572795.08,338077.74,234717.34
878869616,Angola,Snacks,Online,M,7/8/10,Sub-Saharan Africa,8/6/10,5905,152.58,97.44,900984.9,575383.2,325601.7
592641866,Malawi,Cosmetics,Offline,L,4/26/13,Sub-Saharan Africa,5/29/13,4753,437.2,263.33,2078011.6,1251607.49,826404.11
463697135,Andorra,Meat,Offline,M,5/7/16,Europe,5/27/16,7141,421.89,364.69,3012716.49,2604251.29,408465.2
981146752,United Kingdom,Personal Care,Offline,H,6/14/14,Europe,7/20/14,1982,81.73,56.67,161988.86,112319.94,49668.92
904414546,Georgia,Office Supplies,Offline,L,11/21/14,Europe,12/1/14,5217,651.21,524.96,3397362.57,2738716.32,658646.25
413236844,Spain,Household,Offline,M,11/6/10,Europe,12/15/10,4820,668.27,502.54,3221061.4,2422242.8,798818.6
657662475,South Korea,Cosmetics,Online,L,7/7/15,Asia,7/12/15,5796,437.2,263.33,2534011.2,1526260.68,1007750.52
608052766,Indonesia,Office Supplies,Online,M,11/2/12,Asia,11/8/12,5181,651.21,524.96,3373919.01,2719817.76,654101.25
205081546,Mauritius ,Cereal,Offline,L,5/8/14,Sub-Saharan Africa,6/3/14,7042,205.7,117.11,1448539.4,824688.62,623850.78
809735143,Burundi,Meat,Offline,L,6/29/17,Sub-Saharan Africa,7/11/17,7478,421.89,364.69,3154893.42,2727151.82,427741.6
253312385,Bulgaria,Cereal,Online,C,12/27/16,Europe,12/29/16,9619,205.7,117.11,1978628.3,1126481.09,852147.21
487424600,Tunisia ,Cosmetics,Offline,H,3/14/16,Middle East and North Africa,4/30/16,8626,437.2,263.33,3771287.2,2271484.58,1499802.62
833995616,Poland,Baby Food,Online,C,10/7/15,Europe,11/8/15,6691,255.28,159.42,1708078.48,1066679.22,641399.26
235261762,Guinea-Bissau,Household,Online,M,5/23/17,Sub-Saharan Africa,6/1/17,8038,668.27,502.54,5371554.26,4039416.52,1332137.74
403771865,Montenegro,Office Supplies,Offline,H,6/27/12,Europe,7/17/12,3922,651.21,524.96,2554045.62,2058893.12,495152.5
872387254,Belize,Baby Food,Offline,H,4/1/16,Central America and the Caribbean,4/16/16,7630,255.28,159.42,1947786.4,1216374.6,731411.8
344281756,Burundi,Meat,Online,C,11/8/10,Sub-Saharan Africa,12/15/10,9477,421.89,364.69,3998251.53,3456167.13,542084.4
742941701,Iraq,Personal Care,Offline,M,5/31/17,Middle East and North Africa,7/10/17,1814,81.73,56.67,148258.22,102799.38,45458.84
